@online{smoke-alarm-gc,
    title = {Smoke Alarms: A Sound You Can Live With},
    url = {https://www.getprepared.gc.ca/cnt/rsrcs/sfttps/tp201011-en.aspx},
    date = {2020-09-29},
    urldate = {2024-02-11},
}

@image{header-img,
    title = {Thick smoke on black background},
    author = {Pavel Matou≈°ek},
    url = {
           https://www.freeimages.com/photo/thick-smoke-on-black-background-1633270
           },
    urldate = {2024-02-11},
}
