@image{header-img,
    title = {Thick smoke on black background},
    author = {Pavel Matou≈°ek},
    url = {
           https://www.freeimages.com/photo/thick-smoke-on-black-background-1633270
           },
    urldate = {2024-02-11},
}
